<record><leader>00000cas a22000007a 4500</leader><controlfield tag="001">39410657</controlfield><controlfield tag="008">980707d19181939sduwr ne      0   a0eng d</controlfield><datafield ind1=" " ind2=" " tag="010"><subfield code="a">sn 98069045 </subfield></datafield><datafield ind1=" " ind2=" " tag="040"><subfield code="a">SXN</subfield><subfield code="b">eng</subfield><subfield code="c">SXN</subfield><subfield code="d">OCLCQ</subfield><subfield code="d">OCLCF</subfield><subfield code="d">OCLCO</subfield></datafield><datafield ind1="1" ind2=" " tag="029"><subfield code="a">AU@</subfield><subfield code="b">000014094805</subfield></datafield><datafield ind1=" " ind2=" " tag="042"><subfield code="a">msc</subfield></datafield><datafield ind1=" " ind2=" " tag="043"><subfield code="a">n-us-sd</subfield></datafield><datafield ind1="0" ind2="4" tag="245"><subfield code="a">The Mobridge weekly tribune.</subfield></datafield><datafield ind1=" " ind2=" " tag="260"><subfield code="a">Mobridge, Walworth County, S.D. :</subfield><subfield code="b">Tribune Pub. Co.</subfield></datafield><datafield ind1=" " ind2=" " tag="300"><subfield code="a">v.</subfield></datafield><datafield ind1=" " ind2=" " tag="310"><subfield code="a">Weekly</subfield></datafield><datafield ind1="0" ind2=" " tag="362"><subfield code="a">Vol. 11, no. 3 (Apr. 25, 1918)-v. 32, no. 22 (Dec. 14, 1939).</subfield></datafield><datafield ind1=" " ind2=" " tag="530"><subfield code="a">Available on microfilm from: State Archives, South Dakota State Historical Society.</subfield></datafield><datafield ind1=" " ind2=" " tag="580"><subfield code="a">Daily ed.: Mobridge daily tribune.</subfield></datafield><datafield ind1=" " ind2="0" tag="651"><subfield code="a">Mobridge (S.D.)</subfield><subfield code="v">Newspapers.</subfield></datafield><datafield ind1=" " ind2="0" tag="651"><subfield code="a">Walworth County (S.D.)</subfield><subfield code="v">Newspapers.</subfield></datafield><datafield ind1=" " ind2="7" tag="655"><subfield code="a">Newspapers.</subfield><subfield code="2">fast</subfield><subfield code="0">(OCoLC)fst01423814</subfield></datafield><datafield ind1=" " ind2="7" tag="651"><subfield code="a">South Dakota</subfield><subfield code="z">Mobridge.</subfield><subfield code="2">fast</subfield><subfield code="0">(OCoLC)fst01224837</subfield></datafield><datafield ind1=" " ind2="7" tag="651"><subfield code="a">South Dakota</subfield><subfield code="z">Walworth County.</subfield><subfield code="2">fast</subfield><subfield code="0">(OCoLC)fst01215594</subfield></datafield><datafield ind1=" " ind2=" " tag="752"><subfield code="a">United States</subfield><subfield code="b">South Dakota</subfield><subfield code="c">Walworth</subfield><subfield code="d">Mobridge.</subfield></datafield><datafield ind1="1" ind2=" " tag="775"><subfield code="t">Mobridge daily tribune</subfield><subfield code="w">(DLC)sn 98069053</subfield></datafield><datafield ind1="0" ind2="0" tag="780"><subfield code="t">Mobridge news-tribune</subfield><subfield code="w">(DLC)sn 98069044</subfield></datafield><datafield ind1="0" ind2="0" tag="785"><subfield code="t">Mobridge tribune (Mobridge, S.D. : 1939)</subfield><subfield code="w">(DLC)sn 98069046</subfield></datafield></record>